
@article{Alpkvist2006,
  author	= {Alpkvist, Erik and Picioreanu, Cristian and van
		  Loosdrecht, Mark C M and Heyden, Anders},
  doi		= {10.1002/bit.20917},
  journal	= {Biotechnology and Bioengineering},
  keywords	= {EPS,biofilm,colony,consolidation,continuum,discrete,individual,mathematical
		  model,nitrification},
  number	= {5},
  pages		= {961--979},
  title		= {{Three-dimensional biofilm model with individual cells and
		  continuum EPS matrix}},
  url		= {https://onlinelibrary.wiley.com/doi/abs/10.1002/bit.20917},
  volume	= {94},
  year		= {2006}
}

@article{Balcazar2016,
  author	= {Balc{\'{a}}zar, N{\'{e}}stor and Lehmkuhl, Oriol and
		  Jofre, Llu{\'{i}}s and Rigola, Joaquim and Oliva, Assensi},
  doi		= {10.1016/j.compfluid.2015.10.005},
  file		= {:home/workbox/PHD/biofilms/literature/level-set/Balcazar2016.pdf:pdf},
  issn		= {00457930},
  journal	= {Computers and Fluids},
  keywords	= {Finite-volume method,Level-set method,Two-phase
		  flow,Unstructured meshes,Volume-of-fluid method},
  pages		= {12--29},
  title		= {{A coupled volume-of-fluid/level-set method for simulation
		  of two-phase flows on unstructured meshes}},
  volume	= {124},
  year		= {2016}
}

@article{Balsa-canto2017,
  author	= {Balsa-Canto, Eva and L{\'{o}}pez-N{\'{u}}{\~{n}}ez,
		  Alejandro and V{\'{a}}zquez, Carlos},
  doi		= {10.1016/j.apm.2016.08.020},
  file		= {:home/workbox/Dropbox/PhD/Writing/Paper{\_}PhotobiofilmSystems/lit/BalsaCanto2017.pdf:pdf},
  issn		= {0307904X},
  journal	= {Applied Mathematical Modelling},
  keywords	= {Biofilms,Crank–Nicolson,Nonlinear reaction–diffusion
		  equations,Numerical methods,continuum models},
  pages		= {164--179},
  publisher	= {Elsevier Inc.},
  title		= {{Numerical methods for a nonlinear reaction–diffusion
		  system modelling a batch culture of biofilm}},
  url		= {http://dx.doi.org/10.1016/j.apm.2016.08.020},
  volume	= {41},
  year		= {2017}
}

@article{Boltz2010,
  author	= {Boltz, J. P. and Morgenroth, E. and Sen, D.},
  doi		= {10.2166/wst.2010.076},
  file		= {:home/workbox/.local/share/data/Mendeley Ltd./Mendeley
		  Desktop/Downloaded/Boltz, Morgenroth, Sen - 2010 -
		  Mathematical modelling of biofilms and biofilm reactors for
		  engineering design.pdf:pdf},
  isbn		= {0273-1223},
  issn		= {02731223},
  journal	= {Water Science and Technology},
  keywords	= {Biofilm,Biofilm
		  reactor,Design,Model,Simulation,Wastewater},
  number	= {8},
  pages		= {1821--1836},
  pmid		= {20962398},
  title		= {{Mathematical modelling of biofilms and biofilm reactors
		  for engineering design}},
  volume	= {62},
  year		= {2010}
}

@article{Bryers2008,
  author	= {Bryers, James D},
  doi		= {10.1002/bit.21838},
  journal	= {Biotechnology and Bioengineering},
  keywords	= {engineering immunity,host immune response,medical
		  biofilms,nosocomial infections},
  number	= {1},
  pages		= {1--18},
  title		= {{Medical biofilms}},
  url		= {https://onlinelibrary.wiley.com/doi/abs/10.1002/bit.21838},
  volume	= {100},
  year		= {2008}
}

@article{Bryers1982,
  author	= {Bryers, James D. and Characklis, William G.},
  doi		= {10.1002/bit.260241111},
  file		= {:home/workbox/.local/share/data/Mendeley Ltd./Mendeley
		  Desktop/Downloaded/Bryers, Characklis - 1982 - Processes
		  governing primary biofilm formation.pdf:pdf},
  isbn		= {0006-3592 (Print)},
  issn		= {10970290},
  journal	= {Biotechnology and Bioengineering},
  number	= {11},
  pages		= {2451--2476},
  pmid		= {18546216},
  title		= {{Processes governing primary biofilm formation}},
  volume	= {24},
  year		= {1982}
}

@article{Caflisch2005,
  author	= {Caflisch, Russel and Ratsch, Christian},
  file		= {:home/workbox/PHD/biofilms/literature/level-set/caflisch04{\_}review.pdf:pdf},
  journal	= {Growth (Lakeland)},
  number	= {x},
  pages		= {2337--2350},
  title		= {{Level Set Methods for Simulation}},
  volume	= {I},
  year		= {2005}
}

@article{Cunault2015,
  author	= {Cunault, Charles and Faille, Christine and Bouvier,
		  Laurent and F{\"{o}}ste, Henning and Augustin, Wolfgang and
		  Scholl, Stephan and Debreyne, Pascal and Benezech, Thierry},
  doi		= {10.1016/j.fbp.2014.07.005},
  file		= {:home/workbox/.local/share/data/Mendeley Ltd./Mendeley
		  Desktop/Downloaded/Cunault et al. - 2015 - A novel set-up
		  and a CFD approach to study the biofilm dynamics as a
		  function of local flow conditions encounter.pdf:pdf},
  isbn		= {0960-3085},
  issn		= {09603085},
  journal	= {Food and Bioproducts Processing},
  keywords	= {Air-Liquid-Wall interface,Biofilm dynamic,CFD
		  approach,Fresh-cut food,Hygienic design,Turbulent flow},
  number	= {July},
  pages		= {217--223},
  publisher	= {Institution of Chemical Engineers},
  title		= {{A novel set-up and a CFD approach to study the biofilm
		  dynamics as a function of local flow conditions encountered
		  in fresh-cut food processing equipments}},
  url		= {http://dx.doi.org/10.1016/j.fbp.2014.07.005},
  volume	= {93},
  year		= {2015}
}

@article{Dacunto2017,
  author	= {D'Acunto, B. and Frunzo, L. and Mattei, M. R.},
  doi		= {10.1007/s11587-016-0294-8},
  file		= {:home/workbox/Dropbox/PhD/Writing/Paper{\_}PhotobiofilmSystems/lit/DAcunto2017{\_}continuum{\_}approach{\_}math{\_}modelling{\_}multispecies{\_}biofilms.pdf:pdf},
  issn		= {18273491},
  journal	= {Ricerche di Matematica},
  keywords	= {Biofilm reactors,Free boundary value problems,Invasion
		  model,Multispecies biofilms,Nonlinear hyperbolic partial
		  differential equation},
  number	= {1},
  pages		= {153--169},
  publisher	= {Springer Milan},
  title		= {{Continuum approach to mathematical modelling of
		  multispecies biofilms}},
  volume	= {66},
  year		= {2017}
}

@article{Dianat2017,
  author	= {Dianat, M. and Skarysz, M. and Garmory, A.},
  doi		= {10.1016/j.ijmultiphaseflow.2017.01.008},
  file		= {:home/workbox/PHD/biofilms/literature/level-set/Dianat2017.pdf:pdf},
  issn		= {03019322},
  journal	= {International Journal of Multiphase Flow},
  keywords	= {CLSVOF,Contact angle,Level set,Surface flows,Volume of
		  Fluid},
  pages		= {19--38},
  publisher	= {Elsevier Ltd},
  title		= {{A Coupled Level Set and Volume of Fluid method for
		  automotive exterior water management applications}},
  volume	= {91},
  year		= {2017}
}

@article{Dibdin1997,
  author	= {Dibdin, George H},
  file		= {:home/workbox/.local/share/data/Mendeley Ltd./Mendeley
		  Desktop/Downloaded/Dibdin - 1997 - Mathematical Modeling of
		  Biofilms.pdf:pdf},
  journal	= {Adv Dent Res},
  keywords	= {biofilm,biofilms on oral
		  surfaces,biology,caries,computer,diffusion,implications for
		  health,international conference on oral,mathematical
		  model,plaque,presented at the 14th,reaction},
  number	= {1},
  pages		= {127--132},
  title		= {{Mathematical Modeling of Biofilms}},
  volume	= {11},
  year		= {1997}
}

@article{Donlan2002,
  archiveprefix	= {arXiv},
  arxivid	= {Roume, Hugo, 2015, Comparative},
  author	= {Donlan, Rodney M.},
  doi		= {10.3201/eid0809.020063},
  eprint	= {Roume, Hugo, 2015, Comparative},
  file		= {:home/workbox/PHD/biofilms/literature/physics/Donlan2002.pdf:pdf},
  isbn		= {1080-6040 (Print)$\backslash$r1080-6040 (Linking)},
  issn		= {10806040},
  journal	= {Emerging Infectious Diseases},
  number	= {9},
  pages		= {881--890},
  pmid		= {12194761},
  title		= {{Biofilms: Microbial life on surfaces}},
  volume	= {8},
  year		= {2002}
}

@article{Duddu2009,
  author	= {Duddu, Ravindra and Chopp, David L. and Moran, Brian},
  doi		= {10.1002/bit.22233},
  file		= {:home/workbox/Dropbox/PhD/Writing/Paper{\_}PhotobiofilmSystems/lit/Duddu{\_}et{\_}al-2009-Biotechnology{\_}and{\_}Bioengineering.pdf:pdf},
  isbn		= {1097-0290},
  issn		= {00063592},
  journal	= {Biotechnology and Bioengineering},
  keywords	= {Advection-diffusion,Biofilm,Detachment,Erosion,Fluid
		  flow,Interfacial shear stress,Internal stress},
  number	= {1},
  pages		= {92--104},
  pmid		= {19213021},
  title		= {{A two-dimensional continuum model of biofilm growth
		  incorporating fluid flow and shear stress based
		  detachment}},
  volume	= {103},
  year		= {2009}
}

@article{Eberl2001,
  author	= {Eberl, Herman J. and Parker, David F. and Vanloosdrecht,
		  Mark C.M.},
  doi		= {10.1080/10273660108833072},
  file		= {:home/workbox/Dropbox/PhD/Writing/Paper{\_}PhotobiofilmSystems/lit/Hermann.pdf:pdf},
  issn		= {10273662},
  journal	= {Journal of Theoretical Medicine},
  keywords	= {Biofilms,Density-dependent diffusion,Numerical
		  experiments,Spatio-temporal mathematical modelling},
  number	= {3},
  pages		= {161--175},
  title		= {{A new deterministic spatio-temporal continuum model for
		  biofilm development}},
  volume	= {3},
  year		= {2001}
}

@article{Fischer2016,
  author	= {Fischer, Keelan},
  file		= {:home/workbox/Dropbox/PhD/Writing/Paper{\_}PhotobiofilmSystems/lit/s4209667{\_}final{\_}thesis.pdf:pdf},
  title		= {{Mathematical modelling of electron transfer modes in
		  electroactive microorganisms}},
  year		= {2016}
}

@article{Frolkovi,
  author	= {Frolkoviˇ, Peter and Mikula, Karol},
  file		= {:home/workbox/PHD/biofilms/literature/level-set/10.1.1.3.3051.pdf:pdf},
  journal	= {Strain},
  title		= {{Flux-based level set method : a finite volume method for
		  evolving interfaces}},
  volume	= {m}
}

@article{Horn2014,
  archiveprefix	= {arXiv},
  arxivid	= {arXiv:1011.1669v3},
  author	= {Horn, H and Lackner, S},
  doi		= {10.1007/10},
  eprint	= {arXiv:1011.1669v3},
  file		= {:home/workbox/.local/share/data/Mendeley Ltd./Mendeley
		  Desktop/Downloaded/Pei et al. - 2010 - Induced pluripotent
		  stem cell technology in regenerative medicine and
		  biology(3).pdf:pdf},
  isbn		= {0724-6145 (Print)$\backslash$r0724-6145 (Linking)},
  issn		= {1616-8542},
  journal	= {Advances in biochemical engineering/biotechnology},
  pages		= {53--76},
  pmid		= {20549468},
  title		= {{Modeling of Biofilm Systems: A Review}},
  volume	= {146},
  year		= {2014}
}


@PhDThesis{	  Jarosz2008,
  author	= {Jarosz, Wojciech},
  file		= {:home/workbox/.local/share/data/Mendeley Ltd./Mendeley
		  Desktop/Downloaded/Jarosz - 2008 - Efficient Monte Carlo
		  Mehtods for Light Transport in Scattering Media.pdf:pdf},
  keywords	= {light transport,monte carlo,photonics,rendering},
  mendeley-tags	= {light transport,monte carlo,photonics,rendering},
  school	= {University of California, San Diego},
  title		= {{Efficient Monte Carlo Mehtods for Light Transport in
		  Scattering Media}},
  type		= {PhD Thesis},
  year		= {2008}
}

@article{Klapper2002,
  annote	= {From Duplicate 1 (Finger Formation in Biofilm Layers -
		  Klapper, I.; Dockery, J.)
		  
		  NULL},
  author	= {Klapper, I. and Dockery, J.},
  doi		= {10.1137/S0036139900371709},
  file		= {:home/workbox/.local/share/data/Mendeley Ltd./Mendeley
		  Desktop/Downloaded/Klapper, Dockery - 2002 - Finger
		  Formation in Biofilm Layers.pdf:pdf},
  isbn		= {0036-1399},
  issn		= {0036-1399},
  journal	= {SIAM Journal on Applied Mathematics},
  keywords	= {1,76z99,92c15,a biofilm is a,ams subject
		  classifications,biofilms,fingering
		  instability,fronts,introduction,of
		  microorgan-,pii,primary,s0036139900371709,secondary,substance
		  composed of millions},
  number	= {3},
  pages		= {853--869},
  pmid		= {333},
  title		= {{Finger Formation in Biofilm Layers}},
  volume	= {62},
  year		= {2002}
}

@article{Kong2014,
  annote	= {From Duplicate 2 (Simulation of photosynthetically active
		  radiation distribution in algal photobioreactors using a
		  multidimensional spectral radiation model. - Kong, Bo;
		  Vigil, R Dennis) And Duplicate 3 (Simulation of
		  photosynthetically active radiation distribution in algal
		  photobioreactors using a multidimensional spectral
		  radiation model. - Kong, Bo; Vigil, R Dennis)
		  
		  NULL},
  author	= {Kong, Bo and Vigil, R Dennis},
  doi		= {10.1016/j.biortech.2014.01.052},
  file		= {:home/workbox/.local/share/data/Mendeley Ltd./Mendeley
		  Desktop/Downloaded/Kong, Vigil - 2014 - Simulation of
		  photosynthetically active radiation distribution in algal
		  photobioreactors using a multidimensiona(2).pdf:pdf},
  issn		= {1873-2976},
  journal	= {Bioresource technology},
  pages		= {141--148},
  pmid		= {24589382},
  publisher	= {Elsevier Ltd},
  title		= {{Simulation of photosynthetically active radiation
		  distribution in algal photobioreactors using a
		  multidimensional spectral radiation model.}},
  url		= {http://www.ncbi.nlm.nih.gov/pubmed/24589382},
  volume	= {158C},
  year		= {2014}
}

@article{Kreuter1996,
  archiveprefix	= {arXiv},
  arxivid	= {10.1002/bit.20858},
  author	= {Kreuter, J},
  doi		= {10.1002/bit},
  eprint	= {bit.20858},
  file		= {:home/workbox/Dropbox/PhD/Writing/Paper{\_}PhotobiofilmSystems/lit/Alpkvist{\_}et{\_}al-2006-Biotechnology{\_}and{\_}Bioengineering.pdf:pdf},
  isbn		= {0021-8782 (Print)$\backslash$r0021-8782 (Linking)},
  issn		= {0021-8782},
  journal	= {Journal of anatomy},
  keywords	= {laser diode,photo-,photosynthetic bacteria,semiconductor
		  laser,synthesis,vcsel},
  number	= {Ii},
  pages		= {503--505},
  pmid		= {8982823},
  primaryclass	= {10.1002},
  title		= {{Nanoparticles and microparticles for drug and vaccine
		  delivery.}},
  volume	= {189 ( Pt 3},
  year		= {1996}
}

@article{Kyoung1991,
  author	= {Kyoung, S R and Neethling, J B},
  doi		= {10.1016/S0262-1762(99)80122-9},
  file		= {:home/workbox/PHD/biofilms/literature/physics/Kyoung1991.pdf:pdf},
  isbn		= {1800666020},
  issn		= {02621762},
  journal	= {Research Journal of the Water Pollution Control
		  Federation},
  keywords	= {biofilms,density,fluidized beds,for nonspherical
		  particles,particle mass due to,particles,reflects the
		  increase in,the accumulated,the relative biomass
		  concentration,x},
  number	= {5},
  pages		= {815--818},
  title		= {{Biofilm density for biological fluidized beds}},
  url		= {http://linkinghub.elsevier.com/retrieve/pii/S0262176299801229},
  volume	= {63},
  year		= {1991}
}

@article{Lee2011,
  archiveprefix	= {arXiv},
  arxivid	= {1010.1724},
  author	= {Lee, Taeyoung and Leok, Melvin and McClamroch, N. Harris},
  doi		= {10.1002/nme},
  eprint	= {1010.1724},
  file		= {:home/workbox/Dropbox/PhD/Writing/Paper{\_}PhotobiofilmSystems/lit/Duddu{\_}et{\_}al-2008-International{\_}Journal{\_}for{\_}Numerical{\_}Methods{\_}in{\_}Engineering.pdf:pdf},
  isbn		= {978-1-4577-0079-8},
  issn		= {0743-1619},
  journal	= {Proceedings of the 2011 American Control Conference},
  keywords	= {dislocation,molecular dynamics,multiscale
		  simulation,nanomechanics,non-equilibrium},
  number	= {March},
  pages		= {1885--1891},
  pmid		= {260949200001},
  title		= {{Geometric numerical integration for complex dynamics of
		  tethered spacecraft}},
  year		= {2011}
}

@article{Li2016,
  annote	= {NULL},
  author	= {Li, Tong and Podola, Bjoern and Melkonian, Michael},
  doi		= {10.1016/j.algal.2015.11.006},
  file		= {:home/workbox/.local/share/data/Mendeley Ltd./Mendeley
		  Desktop/Downloaded/Li, Podola, Melkonian - 2016 -
		  Investigating dynamic processes in a porous substrate
		  biofilm photobioreactor - A modeling approach.pdf:pdf},
  isbn		= {2211-9264},
  issn		= {22119264},
  journal	= {Algal Research},
  keywords	= {Biofilm photobioreactor,Dynamic modeling,Phototrophic
		  biofilm},
  pages		= {30--40},
  title		= {{Investigating dynamic processes in a porous substrate
		  biofilm photobioreactor - A modeling approach}},
  volume	= {13},
  year		= {2016}
}

@article{Liu2016,
  author	= {Liu, Sanly and Gunawan, Cindy and Barraud, Nicolas and
		  Rice, Scott A. and Harry, Elizabeth J. and Amal, Rose},
  doi		= {10.1021/acs.est.6b00835},
  file		= {:home/workbox/.local/share/data/Mendeley Ltd./Mendeley
		  Desktop/Downloaded/Liu et al. - 2016 - Understanding,
		  Monitoring, and Controlling Biofilm Growth in Drinking
		  Water Distribution Systems.pdf:pdf},
  isbn		= {0013-936x},
  issn		= {0013-936X},
  journal	= {Environmental Science {\&} Technology},
  number	= {17},
  pages		= {8954--8976},
  pmid		= {27479445},
  title		= {{Understanding, Monitoring, and Controlling Biofilm Growth
		  in Drinking Water Distribution Systems}},
  url		= {http://pubs.acs.org/doi/abs/10.1021/acs.est.6b00835},
  volume	= {50},
  year		= {2016}
}

@article{Loosdrecht2010,
  author	= {Loosdrecht, M C M Van and Heijnen, J J and Eberl, H and
		  Kreft, J and Picioreanu, C and Garcia-pichel, Ferran and
		  Federation, Water Environment and Monmeyran, Amaury and
		  Bitbol, Anne-florence and Thomen, Philippe and Douarche,
		  Carine and Henry, Nelly and Boltz, J. P. and Morgenroth, E.
		  and Sen, D.},
  doi		= {10.2166/wst.2010.076},
  file		= {:home/workbox/PHD/biofilms/literature/physics/vanLoosdrecht2002.pdf:pdf},
  isbn		= {0273-1223},
  issn		= {02731223},
  journal	= {Water Science and Technology},
  keywords	= {Biofilm,Biofilm
		  reactor,Design,Model,Simulation,Wastewater,biofilm,biofilms,density,detachment,fluidized
		  beds,for nonspherical particles,mathematical
		  model,morphology,particle mass due to,particles,reflects
		  the increase in,the accumulated,the relative biomass
		  concentration,transport,x},
  number	= {8},
  pages		= {1821--1836},
  pmid		= {20962398},
  title		= {{Mathematical modelling of biofilms and biofilm reactors
		  for engineering design}},
  volume	= {62},
  year		= {2010}
}

@article{Macklin2008,
  author	= {Macklin, Paul and Lowengrub, John S},
  doi		= {10.1007/s10915-008-9190-z},
  file		= {:home/workbox/PHD/biofilms/literature/level-set/Macklin2007.pdf:pdf},
  keywords	= {adaptive normal vector calculation,ghost cell method,ghost
		  fluid method,heaviside function,heterogeneous
		  media,heterogeneous tissue structure,jump boundary
		  condition,level set method,nagsi,nonlinear elliptic
		  equations,normal derivative,poisson equation,tumor growth},
  pages		= {266--299},
  title		= {{A New Ghost Cell / Level Set Method for Moving Boundary
		  Problems : Application to Tumor Growth}},
  year		= {2008}
}

@Book{		  Marshall1990,
  address	= {New York ; Chichester, England ; Brisbane},
  author	= {Marshall, Kevin C and Characklis, W G (William G.)},
  booktitle	= {Biofilms},
  isbn		= {0471826634},
  keywords	= {Biofilms},
  pages		= {341--394},
  publisher	= {Wiley},
  series	= {Wiley series in ecological and applied microbiology},
  title		= {{Biofilms / edited by William G. Characklis, Kevin C.
		  Marshall.}},
  year		= {1990}
}

@article{Mattei2018,
  author	= {Mattei, M R and Frunzo, L and D'Acunto, B and Pechaud, Y
		  and Pirozzi, F and Esposito, G},
  doi		= {10.1007/s00285-017-1165-y},
  issn		= {1432-1416},
  journal	= {Journal of Mathematical Biology},
  month		= {mar},
  number	= {4},
  pages		= {945--1003},
  title		= {{Continuum and discrete approach in modeling biofilm
		  development and structure: a review}},
  url		= {https://doi.org/10.1008/s00285-017-1165-y},
  volume	= {76},
  year		= {2018}
}

@article{Mattei2015,
  annote	= {From Duplicate 2 (Mathematical modelling of multispecies
		  biofilms for wastewater treatment - Mattei, Maria Rosaria)
		  
		  From Duplicate 2 (Mathematical modelling of multispecies
		  biofilms for wastewater treatment - Mattei, Maria Rosaria)
		  
		  NULL},
  author	= {Mattei, Maria Rosaria},
  file		= {:home/workbox/.local/share/data/Mendeley Ltd./Mendeley
		  Desktop/Downloaded/Mattei - 2015 - Mathematical modelling
		  of multispecies biofilms for wastewater treatment.pdf:pdf},
  title		= {{Mathematical modelling of multispecies biofilms for
		  wastewater treatment}},
  year		= {2015}
}

@article{Mcdonogh1994,
  author	= {McDonogh, Richard and Schaule, Gabriela and Flemming,
		  Hans-Curt},
  doi		= {https://doi.org/10.1016/0376-7388(93)E0149-E},
  issn		= {0376-7388},
  journal	= {Journal of Membrane Science},
  number	= {1},
  pages		= {199--217},
  title		= {{The permeability of biofouling layers on membranes}},
  url		= {http://www.sciencedirect.com/science/article/pii/0376738893E0149E},
  volume	= {87},
  year		= {1994}
}

@article{Menon2016,
  author	= {{Menon, Sankar; Nilsson}, Hakan},
  file		= {:home/workbox/PHD/biofilms/literature/level-set/Report{\_}SankarMenon.pdf:pdf},
  keywords	= {project work},
  pages		= {22},
  title		= {{CFD with OpenSource software Coupled Level-Set with VOF
		  interFoam}},
  url		= {http://www.tfd.chalmers.se/{~}hani/kurser/OS{\_}CFD{\_}2015/SankarMenon/Report{\_}SankarMenon.pdf},
  year		= {2016}
}

@article{Miessen2017,
  archiveprefix	= {arXiv},
  arxivid	= {1701.06658},
  author	= {Mie{\ss}en, C. and Velinov, N. and Gottstein, G. and
		  Barrales-Mora, L. A.},
  doi		= {10.1088/1361-651X/aa8676},
  eprint	= {1701.06658},
  file		= {:home/workbox/PHD/biofilms/literature/level-set/1701.06658.pdf:pdf},
  issn		= {1361651X},
  journal	= {Modelling and Simulation in Materials Science and
		  Engineering},
  keywords	= {grain growth,large-scale simulation,level-set,magnetically
		  driven grain boundary motion,parallelization},
  number	= {8},
  title		= {{A highly efficient 3D level-set grain growth algorithm
		  tailored for ccNUMA architecture}},
  volume	= {25},
  year		= {2017}
}

@Book{		  Muffler2014,
  author	= {Muffler, Kai and Ulber, Roland},
  doi		= {10.1007/978-3-319-09695-7},
  file		= {:home/workbox/Dropbox/PhD/Writing/Paper{\_}PhotobiofilmSystems/lit/ProductiveBiofilms.pdf:pdf},
  isbn		= {978-3-319-09694-0},
  issn		= {0724-6145},
  title		= {{Productive Biofilms}},
  url		= {http://link.springer.com/10.1007/978-3-319-09695-7},
  volume	= {146},
  year		= {2014}
}

@article{Murphy2014,
  author	= {Murphy, Thomas E. and Berberoglu, Halil},
  doi		= {10.1002/btpr.1881},
  file		= {:home/workbox/.local/share/data/Mendeley Ltd./Mendeley
		  Desktop/Downloaded/Murphy, Berberoglu - 2014 - Flux
		  balancing of light and nutrients in a biofilm
		  photobioreactor for maximizing photosynthetic
		  productivit.pdf:pdf},
  issn		= {15206033},
  journal	= {Biotechnology Progress},
  keywords	= {Biofilm photobioreactors,Light transport,Mass
		  transport,Nutrient limitation,Productivity modeling},
  number	= {2},
  pages		= {348--359},
  pmid		= {24536006},
  title		= {{Flux balancing of light and nutrients in a biofilm
		  photobioreactor for maximizing photosynthetic
		  productivity}},
  volume	= {30},
  year		= {2014}
}

@article{Murphy2014a,
  author	= {Murphy, Thomas E. and Berberoglu, Halil},
  doi		= {10.1002/btpr.1881},
  file		= {:home/workbox/Dropbox/PhD/Writing/Paper{\_}PhotobiofilmSystems/lit/Murphy2014.pdf:pdf},
  issn		= {15206033},
  journal	= {Biotechnology Progress},
  keywords	= {Biofilm photobioreactors,Light transport,Mass
		  transport,Nutrient limitation,Productivity modeling},
  number	= {2},
  pages		= {348--359},
  pmid		= {24536006},
  title		= {{Flux balancing of light and nutrients in a biofilm
		  photobioreactor for maximizing photosynthetic
		  productivity}},
  volume	= {30},
  year		= {2014}
}

@Book{		  Overmann2006,
  archiveprefix	= {arXiv},
  arxivid	= {arXiv:1011.1669v3},
  author	= {Overmann, J{\"{o}}rg and Garcia-Pichel, Ferran},
  booktitle	= {The Prokaryotes},
  doi		= {10.1007/0-387-30742-7},
  eprint	= {arXiv:1011.1669v3},
  file		= {:home/workbox/PHD/biofilms/literature/physics/overmann2006.pdf:pdf},
  isbn		= {0387307427},
  issn		= {00166731},
  pages		= {32--85},
  pmid		= {25246403},
  title		= {{The Phototrophic Way of Life}},
  year		= {2006}
}

@article{Pareek2003,
  annote	= {From Duplicate 1 (Computational fluid dynamic (CFD)
		  simulation of a pilot-scale annular bubble column
		  photocatalytic reactor - Pareek, V.K.; Cox, S.J.; Brungs,
		  M.P.; Young, B.; Adesina, A.a.)
		  
		  NULL
		  
		  From Duplicate 2 (Computational fluid dynamic (CFD)
		  simulation of a pilot-scale annular bubble column
		  photocatalytic reactor - Pareek, V.K.; Cox, S.J.; Brungs,
		  M.P.; Young, B.; Adesina, a.a.)
		  
		  From Duplicate 1 (Computational fluid dynamic (CFD)
		  simulation of a pilot-scale annular bubble column
		  photocatalytic reactor - Pareek, V.K.; Cox, S.J.; Brungs,
		  M.P.; Young, B.; Adesina, A.a.)
		  
		  NULL},
  author	= {Pareek, V.K. and Cox, S.J. and Brungs, M.P. and Young, B.
		  and a.a. Adesina},
  doi		= {10.1016/S0009-2509(02)00617-6},
  file		= {:home/workbox/.local/share/data/Mendeley Ltd./Mendeley
		  Desktop/Downloaded/Pareek et al. - 2003 - Computational
		  fluid dynamic (CFD) simulation of a pilot-scale annular
		  bubble column photocatalytic reactor.pdf:pdf},
  issn		= {00092509},
  journal	= {Chemical Engineering Science},
  keywords	= {cfd,computational uid
		  dynamics,photocatalytic,photoreactor,three-phase reactors},
  number	= {3-6},
  pages		= {859--865},
  title		= {{Computational fluid dynamic (CFD) simulation of a
		  pilot-scale annular bubble column photocatalytic reactor}},
  url		= {http://linkinghub.elsevier.com/retrieve/pii/S0009250902006176},
  volume	= {58},
  year		= {2003}
}

@article{Picioreanu2004,
  author	= {Picioreanu, Cristian and Kreft, Jan-Ulrich and van
		  Loosdrecht, Mark C M},
  doi		= {10.1128/AEM.70.5.3024-3040.2004},
  issn		= {0099-2240},
  journal	= {Applied and Environmental Microbiology},
  number	= {5},
  pages		= {3024--3040},
  publisher	= {American Society for Microbiology Journals},
  title		= {{Particle-Based Multidimensional Multispecies Biofilm
		  Model}},
  url		= {https://aem.asm.org/content/70/5/3024},
  volume	= {70},
  year		= {2004}
}

@article{Pineda2017,
  author	= {Pineda, I and Gwun, O},
  doi		= {10.1109/ACCESS.2017.2738032},
  file		= {:home/workbox/PHD/biofilms/literature/level-set/08007190.pdf:pdf},
  issn		= {21693536 (ISSN)},
  journal	= {IEEE Access},
  keywords	= {Animation,Computational model,Computer graphics,Drop
		  breakup,Functions,Leaf growth,Leaf simulation,Level
		  Set,Level Set method,Level measurement,Mathematical
		  models,Numerical methods,Shape,Signed distance
		  function,Solid model,Virtual reality,leaf growth,level set
		  method,signed distance function},
  pages		= {15948--15959},
  title		= {{Leaf modeling and growth process simulation using the
		  level set method}},
  url		= {https://www.scopus.com/inward/record.uri?eid=2-s2.0-85028965011{\&}doi=10.1109{\%}2FACCESS.2017.2738032{\&}partnerID=40{\&}md5=1be83e0c7482156607dfc1fcd1ba7490},
  volume	= {5},
  year		= {2017}
}

@article{Pizzaro2001,
  author	= {Pizzaro, G and Griffeath, D and Noguera, Daniel R.},
  file		= {:home/workbox/PHD/biofilms/literature/physics/Pizzaro2001.pdf:pdf},
  journal	= {Journal of Environmental},
  number	= {9},
  pages		= {782--789},
  title		= {{Quantitative cellular automaton model for biofilms}},
  volume	= {127},
  year		= {2001}
}

@article{Podola2017,
  author	= {Podola, Bj{\"{o}}rn and Li, Tong and Melkonian, Michael},
  doi		= {10.1016/j.tibtech.2016.06.004},
  file		= {:home/workbox/Dropbox/PhD/Writing/Paper{\_}PhotobiofilmSystems/lit/Podola2017.pdf:pdf},
  isbn		= {0167-7799},
  issn		= {18793096},
  journal	= {Trends in Biotechnology},
  keywords	= {PSBR,Twin-Layer,biofilm,microalgae,photobioreactor},
  number	= {2},
  pages		= {121--132},
  pmid		= {27418420},
  title		= {{Porous Substrate Bioreactors: A Paradigm Shift in
		  Microalgal Biotechnology?}},
  volume	= {35},
  year		= {2017}
}


@article{Rajendran2016,
  author	= {Rajendran, Aravindan and Hu, Bo},
  doi		= {10.1186/s13068-016-0533-y},
  file		= {:home/workbox/Dropbox/PhD/Writing/Paper{\_}PhotobiofilmSystems/lit/Rajendran2016.pdf:pdf},
  isbn		= {1306801605},
  issn		= {17546834},
  journal	= {Biotechnology for Biofuels},
  keywords	= {Bioprocessing,Co-culture,Filamentous
		  fungi,Kinetics,Microalgae,Mycoalgae biofilm},
  number	= {1},
  pages		= {1--13},
  pmid		= {27247623},
  title		= {{Mycoalgae biofilm: Development of a novel platform
		  technology using algae and fungal cultures}},
  volume	= {9},
  year		= {2016}
}

@article{Reichert1994,
  author	= {Reichert, Peter},
  doi		= {10.2166/wst.1994.0025},
  journal	= {Water Science and Technology},
  number	= {2},
  pages		= {21},
  title		= {{AQUASIM – A tool for simulation and data analysis of
		  aquatic systems}},
  url		= {http://dx.doi.org/10.2166/wst.1994.0025},
  volume	= {30},
  year		= {1994}
}

@article{Rijnaarts1993,
  author	= {Rijnaarts, Huub H M and Norde, Willem and Bouwer, Edward J
		  and Lyklema, Johannes and Zehndert, Alexander J B},
  file		= {:home/workbox/PHD/biofilms/literature/physics/Rijnaarts1993.pdf:pdf},
  journal	= {Appl Environ Microbiol},
  number	= {10},
  pages		= {3255--3265},
  title		= {{Bacterial Adhesion under Static and Dynamic Conditions}},
  volume	= {59},
  year		= {1993}
}

@article{Safari2016,
  annote	= {From Duplicate 2 (Interfacial separation of a mature
		  biofilm from a glass surface - A combined experimental and
		  cohesive zone modelling approach - Safari, Ashkan; Tukovic,
		  Zeljko; Cardiff, Philip; Walter, Maik; Casey, Eoin;
		  Ivankovic, Alojz)
		  
		  NULL},
  author	= {Safari, Ashkan and Tukovic, Zeljko and Cardiff, Philip and
		  Walter, Maik and Casey, Eoin and Ivankovic, Alojz},
  doi		= {10.1016/j.jmbbm.2015.09.013},
  file		= {:home/workbox/.local/share/data/Mendeley Ltd./Mendeley
		  Desktop/Downloaded/Safari et al. - 2016 - Interfacial
		  separation of a mature biofilm from a glass surface - A
		  combined experimental and cohesive zone model.pdf:pdf},
  issn		= {18780180},
  journal	= {Journal of the Mechanical Behavior of Biomedical
		  Materials},
  keywords	= {Atomic force microscopy,Biofilm,Cohesive zone
		  model,Interfacial failure,JKR contact model},
  pages		= {205--218},
  pmid		= {26474034},
  publisher	= {Elsevier},
  title		= {{Interfacial separation of a mature biofilm from a glass
		  surface - A combined experimental and cohesive zone
		  modelling approach}},
  url		= {http://dx.doi.org/10.1016/j.jmbbm.2015.09.013},
  volume	= {54},
  year		= {2016}
}

@article{Singh2006,
  archiveprefix	= {arXiv},
  arxivid	= {10.1002/bit.20858},
  author	= {Singh, Rajbir and Paul, Debarati and Jain, Rakesh K.},
  doi		= {10.1016/j.tim.2006.07.001},
  eprint	= {bit.20858},
  file		= {:home/workbox/PHD/biofilms/literature/physics/Singh2006.pdf:pdf},
  isbn		= {0966-842X},
  issn		= {0966842X},
  journal	= {Trends in Microbiology},
  number	= {9},
  pages		= {389--397},
  pmid		= {16857359},
  primaryclass	= {10.1002},
  title		= {{Biofilms: implications in bioremediation}},
  volume	= {14},
  year		= {2006}
}

@article{Skoneczny2015,
  author	= {Skoneczny, Szymon},
  doi		= {10.2166/wst.2015.426},
  file		= {:home/workbox/.local/share/data/Mendeley Ltd./Mendeley
		  Desktop/Downloaded/Skoneczny - 2015 - Cellular
		  automata-based modelling and simulation of biofilm
		  structure on multi-core computers.pdf:pdf},
  issn		= {02731223},
  journal	= {Water Science and Technology},
  keywords	= {Biofilm structure,Cellular automata,Mathematical
		  modelling,Parallel algorithms},
  number	= {11},
  pages		= {2071--2081},
  pmid		= {26606102},
  title		= {{Cellular automata-based modelling and simulation of
		  biofilm structure on multi-core computers}},
  volume	= {72},
  year		= {2015}
}

@PhDThesis{	  Storck2015,
  author	= {Storck, Tomas},
  doi		= {10.14264/uql.2015.1032},
  file		= {:home/workbox/PHD/biofilms/literature/physics/Storck2015.pdf:pdf},
  school	= {The University of Queensland},
  title		= {{Modelling of mechanical and electrochemical interspecies
		  interactions in microbial communities}},
  type		= {Doctor of Philosophy},
  url		= {http://espace.library.uq.edu.au/view/UQ:371771},
  year		= {2015}
}

@article{Syron2015,
  annote	= {From Duplicate 2 (Performance analysis of a pilot-scale
		  membrane aerated biofilm reactor for the treatment of
		  landfill leachate - Syron, Eoin; Semmens, Michael J.;
		  Casey, Eoin)
		  
		  NULL},
  author	= {Syron, Eoin and Semmens, Michael J. and Casey, Eoin},
  doi		= {10.1016/j.cej.2015.03.043},
  file		= {:home/workbox/.local/share/data/Mendeley Ltd./Mendeley
		  Desktop/Downloaded/Syron, Semmens, Casey - 2015 -
		  Performance analysis of a pilot-scale membrane aerated
		  biofilm reactor for the treatment of landfill
		  leac.pdf:pdf},
  issn		= {13858947},
  journal	= {Chemical Engineering Journal},
  keywords	= {Aeration,Ammonia
		  oxidation,Biofilm,Leachate,MABR,Membrane},
  pages		= {120--129},
  publisher	= {Elsevier B.V.},
  title		= {{Performance analysis of a pilot-scale membrane aerated
		  biofilm reactor for the treatment of landfill leachate}},
  url		= {http://dx.doi.org/10.1016/j.cej.2015.03.043},
  volume	= {273},
  year		= {2015}
}

@article{Thomen2017,
  author	= {Thomen, Philippe and Robert, Jerome and Monmeyran, Amaury
		  and Bitbol, Anne Florence and Douarche, Carine and Henry,
		  Nelly},
  doi		= {10.1371/journal.pone.0175197},
  file		= {:home/workbox/PHD/biofilms/literature/physics/journal.pone.0175197.pdf:pdf},
  isbn		= {1111111111},
  issn		= {19326203},
  journal	= {PLoS ONE},
  number	= {4},
  pages		= {1--24},
  pmid		= {28403171},
  title		= {{Bacterial biofilm under flow: First a physical struggle
		  to stay, then a matter of breathing}},
  volume	= {12},
  year		= {2017}
}

@article{Toffoli1987,
  author	= {Toffoli, Tommaso and Margolus, Norman},
  isbn		= {978-0-262-20060-8},
  journal	= {Complex Systems},
  pages		= {967},
  title		= {{Cellular Automata Machines}},
  volume	= {1},
  year		= {1987}
}

@article{vanloosdrecht2002,
  author	= {{Van Loosdrecht}, M. C M and Heijnen, J. J. and Eberl, H.
		  and Kreft, J. and Picioreanu, C.},
  doi		= {10.1023/A:1020527020464},
  file		= {:home/workbox/PHD/biofilms/literature/physics/vanLoosdrecht2002.pdf:pdf},
  isbn		= {0003-6072},
  issn		= {00036072},
  journal	= {Antonie van Leeuwenhoek, International Journal of General
		  and Molecular Microbiology},
  keywords	= {Biofilm,Detachment,Mathematical
		  model,Morphology,Transport},
  number	= {1-4},
  pages		= {245--256},
  pmid		= {12448723},
  title		= {{Mathematical modelling of biofilm structures}},
  volume	= {81},
  year		= {2002}
}

@article{Wang2010,
  author	= {Wang, Qi and Zhang, Tianyu},
  doi		= {10.1016/j.ssc.2010.01.021},
  file		= {:home/workbox/Dropbox/PhD/Writing/Paper{\_}PhotobiofilmSystems/lit/WangZhang2010.pdf:pdf},
  isbn		= {0038-1098},
  issn		= {00381098},
  journal	= {Solid State Communications},
  keywords	= {A. Biofilms,C. Mathematical models},
  number	= {21-22},
  pages		= {1009--1022},
  publisher	= {Elsevier Ltd},
  title		= {{Review of mathematical models for biofilms}},
  url		= {http://dx.doi.org/10.1016/j.ssc.2010.01.021},
  volume	= {150},
  year		= {2010}
}

@article{Wang2009,
  author	= {Wang, Zhaoyuan and Yang, Jianming and Koo, Bonguk and
		  Stern, Frederick},
  doi		= {10.1016/j.ijmultiphaseflow.2008.11.004},
  file		= {:home/workbox/PHD/biofilms/literature/level-set/wang2009.pdf:pdf},
  isbn		= {0301-9322},
  issn		= {03019322},
  journal	= {International Journal of Multiphase Flow},
  number	= {3},
  pages		= {227--246},
  publisher	= {Elsevier Ltd},
  title		= {{A coupled level set and volume-of-fluid method for sharp
		  interface simulation of plunging breaking waves}},
  url		= {http://dx.doi.org/10.1016/j.ijmultiphaseflow.2008.11.004},
  volume	= {35},
  year		= {2009}
}

@TechReport{Iwabiofilms2006,
  address	= {London},
  author	= {Wanner, O and Eberl, H and Morgenroth, E and Noguera, D
		  and Picioreanu, C and Rittmann, B},
  doi		= {10.1177/08959374970110010301},
  file		= {:home/workbox/PHD/biofilms/literature/texts/2006{\_}Book{\_}IWA-STR18{\_}Wanner-et-al.pdf:pdf},
  institution	= {Scientific and Technical Report No. 18, IWA Publishing},
  isbn		= {9781843390879},
  issn		= {08959374},
  pmid		= {9524449},
  title		= {{Mathematical modeling of biofilms}},
  year		= {2006}
}

@article{Wanner1986,
  author	= {Wanner, O and Gujer, W},
  doi		= {10.1002/bit.260280304},
  journal	= {Biotechnology and Bioengineering},
  number	= {3},
  pages		= {314--328},
  title		= {{A multispecies biofilm model}},
  url		= {https://onlinelibrary.wiley.com/doi/abs/10.1002/bit.260280304},
  volume	= {28},
  year		= {1986}
}

@article{Wirtanen2003,
  author	= {Wirtanen, G and Salo, S},
  doi		= {10.1023/B:RESB.0000040471.15700.03},
  issn		= {1572-9826},
  journal	= {Reviews in Environmental Science and Biotechnology},
  month		= {jun},
  number	= {2},
  pages		= {293--306},
  title		= {{Disinfection in Food Processing -- Efficacy Testing of
		  Disinfectants}},
  url		= {https://doi.org/10.1023/B:RESB.0000040471.15700.03},
  volume	= {2},
  year		= {2003}
}

@article{Xavier2005a,
  author	= {Xavier, Joao B and Picioreanu, Cristian and {Van
		  Loosdrecht}, Mark C M},
  doi		= {10.1111/j.1462-2920.2005.00787.x},
  journal	= {Environmental Microbiology},
  number	= {8},
  pages		= {1085--1103},
  title		= {{A framework for multidimensional modelling of activity
		  and structure of multispecies biofilms}},
  url		= {https://onlinelibrary.wiley.com/doi/abs/10.1111/j.1462-2920.2005.00787.x},
  volume	= {7},
  year		= {2005}
}

@Article{Xavier2005,
  author	= {Xavier, Joao de Bivar and Picioreanu, Cristian and van
		  Loosdrecht, Mark C M},
  doi		= {10.1002/bit.20544},
  journal	= {Biotechnology and Bioengineering},
  keywords	= {EPS,biofilm,detachment,erosion,individual-based
		  modelling,level set,sloughing},
  number	= {6},
  pages		= {651--669},
  title		= {{A general description of detachment for multidimensional
		  modelling of biofilms}},
  url		= {https://onlinelibrary.wiley.com/doi/abs/10.1002/bit.20544},
  volume	= {91},
  year		= {2005}
}

@article{Yamamoto2017,
  author	= {Yamamoto, Takuya and Okano, Yasunori and Dost, Sadik},
  doi		= {10.1002/fld.4267},
  file		= {:home/workbox/PHD/biofilms/literature/level-set/yamamoto2016.pdf:pdf},
  issn		= {10970363},
  journal	= {International Journal for Numerical Methods in Fluids},
  keywords	= {Navier–Stokes,incompressible flow,level set,multiphase
		  flows,two-phase flows,validation},
  number	= {3},
  pages		= {223--244},
  title		= {{Validation of the S-CLSVOF method with the density-scaled
		  balanced continuum surface force model in multiphase
		  systems coupled with thermocapillary flows}},
  volume	= {83},
  year		= {2017}
}
