
@article{krujatz2015,
  title = {Light-Field-Characterization in a Continuous Hydrogen-Producing Photobioreactor by Optical Simulation and Computational Fluid Dynamics},
  volume = {112},
  issn = {00063592},
  number = {12},
  journal = {Biotechnology and Bioengineering},
  doi = {10.1002/bit.25667},
  author = {Krujatz, Felix and Illing, Rico and Krautwer, Tobias and Liao, Jing and Heibig, Karsten and Goy, Katharina and Opitz, J{\"o}rg and Cuniberti, Gianaurelio and Bley, Thomas and Weber, Jost},
  year = {2015},
  keywords = {computational fluid dynamics,contract grant sponsor,correspondence to,european social fund and,f,hydrogen,krujatz,optical ray tracing,particle,photobioreactor,saxony in the,the free state of,tracing},
  pages = {2439-2449}
}


